<record><leader>00000cas a22000007a 4500</leader><controlfield tag="001">18096214</controlfield><controlfield tag="008">880616d19241944ohuwr ne      0    0eng d</controlfield><datafield ind1=" " ind2=" " tag="010"><subfield code="a">sn 88078638 </subfield></datafield><datafield ind1=" " ind2=" " tag="040"><subfield code="a">ONP</subfield><subfield code="b">eng</subfield><subfield code="c">ONP</subfield><subfield code="d">OCLCQ</subfield></datafield><datafield ind1=" " ind2=" " tag="042"><subfield code="a">msc</subfield></datafield><datafield ind1="0" ind2="4" tag="245"><subfield code="a">The Wadsworth news.</subfield></datafield><datafield ind1=" " ind2=" " tag="260"><subfield code="a">Wadsworth, Ohio :</subfield><subfield code="b">Wadsworth News Co.,</subfield><subfield code="c">-1944.</subfield></datafield><datafield ind1=" " ind2=" " tag="300"><subfield code="a">v.</subfield></datafield><datafield ind1=" " ind2=" " tag="310"><subfield code="a">Weekly</subfield></datafield><datafield ind1="1" ind2=" " tag="362"><subfield code="a">Began in 1924.</subfield></datafield><datafield ind1="0" ind2=" " tag="362"><subfield code="a">-v. 20, no. 29 (June 29, 1944).</subfield></datafield><datafield ind1=" " ind2=" " tag="588"><subfield code="a">Description based on: Vol. 6, no. 5 (Oct. 30, 1930).</subfield></datafield><datafield ind1=" " ind2="4" tag="651"><subfield code="a">Wadsworth (Ohio)</subfield><subfield code="v">Newspapers.</subfield></datafield><datafield ind1=" " ind2="4" tag="651"><subfield code="a">Medina County (Ohio)</subfield><subfield code="v">Newspapers.</subfield></datafield><datafield ind1=" " ind2=" " tag="752"><subfield code="a">United States</subfield><subfield code="b">Ohio</subfield><subfield code="c">Medina</subfield><subfield code="d">Wadsworth.</subfield></datafield><datafield ind1="0" ind2="7" tag="785"><subfield code="t">Wadsworth banner-press</subfield><subfield code="w">(DLC)sn 84028253</subfield></datafield><datafield ind1="0" ind2="7" tag="785"><subfield code="t">Wadsworth news-banner</subfield><subfield code="w">(DLC)sn 84028524</subfield></datafield></record>